@book{fulton_representation_1991,
	title = {Representation Theory: A First Course},
	isbn = {9780387974958},
	shorttitle = {Representation Theory},
	pagetotal = {574},
	publisher = {Springer Science \& Business Media},
	author = {Fulton, William and Harris, Joe},
	date = {1991},
	langid = {english},
	keywords = {Mathematics / Algebra / General, Mathematics / Group Theory}
}

@article{etingof_introduction_2009,
	title = {Introduction to representation theory},
	url = {http://arxiv.org/abs/0901.0827},
	journaltitle = {{arXiv}:0901.0827 [math]},
	author = {Etingof, Pavel and Golberg, Oleg and Hensel, Sebastian and Liu, Tiankai and Schwendner, Alex and Vaintrob, Dmitry and Yudovina, Elena},
	urldate = {2014-10-17},
	date = {2009-01-07},
	eprinttype = {arxiv},
	eprint = {0901.0827},
	keywords = {Mathematics - Representation Theory, Mathematics - Rings and Algebras},
}
